@book{test,
  author      = {Test Author and Tobias Test},
  editor      = {Test Editor},
  publisher   = {Test Publisher},
  title       = {Test Title},
  year        = {1990}
}

@online{Jayasekara2021,
  author      = {Rukshan Jayasekara},
  title       = {Related},
  year        =  2021,
  url         = {https://rukshanjayasekara.wordpress.com/2021/03/06/cap-theorem-and-how-its-applied-in-mongodb/},
  urldate     = {2023-03-07}
}

@INPROCEEDINGS{Brewer2000,
  title       = {Towards robust distributed systems (abstract)},
  booktitle   = {Proceedings of the nineteenth annual {ACM} symposium on Principles of distributed computing},
  author      = {Brewer, Eric A},
  publisher   = {ACM},
  month       =  jul,
  year        =  2000,
  address     = {New York, NY, USA},
  conference  = {PODC00: ACM Symposium on Principles of Distributed Computing},
  location    = {Portland Oregon USA}
}

@BOOK{Membrey2014,
  title       = {Mongodb basics},
  author      = {Membrey, Peter and Hows, David and Plugge, Eelco},
  publisher   = {Apress},
  edition     =  1,
  month       =  dec,
  year        =  2014,
  address     = {Elk Grove, CA},
  language    = {en}
}

@online{DB-Engines-Ranking,
  author      = "{solid IT GmbH}",
  title       = {DB-Engines Ranking - popularity ranking of database management systems},
  year        =  2023,
  url         = {https://db-engines.com/en/ranking},
  urldate     = {2023-03-07}
}

@online{DB-Engines-Trend,
  author      = "{solid IT GmbH}",
  title       = {historical trend of the popularity ranking of database management systems},
  year        =  2023,
  url         = {https://db-engines.com/en/ranking_trend},
  urldate     = {2023-03-07}
}

@article{chauhan2019review,
  title       = {A review on various aspects of MongoDB databases},
  author      = {Chauhan, Anjali},
  journal     = {International Journal of Engineering Research \& Technology (IJERT)},
  volume      = {8},
  number      = {05},
  pages       = {90--92},
  year        = {2019}
}

@online{Mongo-Consistency,
  author      = "{MongoDB Inc.}",
  title       = {Read Isolation, Consistency, and Recency},
  year        =  2023,
  url         = {https://www.mongodb.com/docs/v6.0/core/read-isolation-consistency-recency/},
  urldate     = {2023-03-07}
}

@online{Mongo-Sharding,
  author      = "{MongoDB Inc.}",
  title       = {Sharding},
  year        =  2023,
  url         = {https://www.mongodb.com/docs/manual/sharding/},
  urldate     = {2023-03-07}
}

@online{Mongo-Replication,
  author      = "{MongoDB Inc.}",
  title       = {Replication},
  year        =  2023,
  url         = {https://www.mongodb.com/docs/v6.0/replication/},
  urldate     = {2023-03-07}
}